@article{liubaoyuan:1,
	author  = {刘宝元, et al.},
	title   = {东北黑土区农地水土流失现状与综合治理对策},
	year    = 2008,
	journal = {Science of Soil and Water Conservation},
	volume  = {6},
	number  = {1}
}

@misc{xinhua:1
	author  = {杨思琪},
	title   = {东北三省今年增加940万亩基本农田},
	year    = 2017,
}

@article{zhangxingyi:1,
	author          = {张兴义},
	title           = {东北黑土区沟道侵蚀现状及其防治对策},
	journal         = {农业工程学报},
	volume          = {37},
	number          = {3},
	year            = {2020}
}

@article{lizhiguang:1,
	author          = {李智广},
	title           = {我国东北黑土区侵蚀沟道的 普查方法与成果},
	journal         = {中国水土保持科学},
	volume          = {11},
	number          = {5},
	year            = {2013}
}

@article{official:1,
	author          = {澎湃新闻},
	title           = {黑土地退化现状:从前能攥出"油" 现在水都攥不出},
	year            = {2016}
}